%YAML 1.1
%TAG !u! tag:unity3d.com,2011:
--- !u!241 &24100000
AudioMixerController:
  m_ObjectHideFlags: 0
  m_PrefabParentObject: {fileID: 0}
  m_PrefabInternal: {fileID: 0}
  m_Name: AudioMixer
  m_OutputGroup: {fileID: 0}
  m_MasterGroup: {fileID: 24300002}
  m_Snapshots:
  - {fileID: 24500006}
  m_StartSnapshot: {fileID: 24500006}
  m_SuspendThreshold: -80
  m_EnableSuspend: 1
  m_UpdateMode: 0
  m_ExposedParameters:
  - guid: 30959e0a27bd4164bb8e278c90f98149
    name: masterVol
  - guid: 120f66b27516d9b4cb245cb87e3d0b0b
    name: musicVol
  - guid: 9570519dce7e16e4fb0e7c664d0fcdb8
    name: sfxVol
  m_AudioMixerGroupViews:
  - guids:
    - e37892d6c5436864aa7c78c407335c82
    - 2c217eb2d0250314aa244563ec36af15
    - 7efd25fe8e949894daafa6bc456ca11b
    name: View
  m_CurrentViewIndex: 0
  m_TargetSnapshot: {fileID: 24500006}
--- !u!243 &24300002
AudioMixerGroupController:
  m_ObjectHideFlags: 0
  m_PrefabParentObject: {fileID: 0}
  m_PrefabInternal: {fileID: 0}
  m_Name: Master
  m_AudioMixer: {fileID: 24100000}
  m_GroupID: e37892d6c5436864aa7c78c407335c82
  m_Children:
  - {fileID: 243335075336073788}
  - {fileID: 243493895266162504}
  m_Volume: 30959e0a27bd4164bb8e278c90f98149
  m_Pitch: 3629ef57b769b17469985aedefe53663
  m_Effects:
  - {fileID: 24400004}
  m_UserColorIndex: 0
  m_Mute: 0
  m_Solo: 0
  m_BypassEffects: 0
--- !u!244 &24400004
AudioMixerEffectController:
  m_ObjectHideFlags: 3
  m_PrefabParentObject: {fileID: 0}
  m_PrefabInternal: {fileID: 0}
  m_Name: 
  m_EffectID: ec3bf5aa68500dd4197405ed8aadc318
  m_EffectName: Attenuation
  m_MixLevel: 6b3ee1105cf85804ea72410aa9384ec6
  m_Parameters: []
  m_SendTarget: {fileID: 0}
  m_EnableWetMix: 0
  m_Bypass: 0
--- !u!245 &24500006
AudioMixerSnapshotController:
  m_ObjectHideFlags: 0
  m_PrefabParentObject: {fileID: 0}
  m_PrefabInternal: {fileID: 0}
  m_Name: Snapshot
  m_AudioMixer: {fileID: 24100000}
  m_SnapshotID: 9610d7fea61d12447a18485bf6db89dc
  m_FloatValues:
    120f66b27516d9b4cb245cb87e3d0b0b: 0
    30959e0a27bd4164bb8e278c90f98149: 0
    9570519dce7e16e4fb0e7c664d0fcdb8: 0
  m_TransitionOverrides: {}
--- !u!243 &243335075336073788
AudioMixerGroupController:
  m_ObjectHideFlags: 0
  m_PrefabParentObject: {fileID: 0}
  m_PrefabInternal: {fileID: 0}
  m_Name: SoundEffects
  m_AudioMixer: {fileID: 24100000}
  m_GroupID: 2c217eb2d0250314aa244563ec36af15
  m_Children: []
  m_Volume: 9570519dce7e16e4fb0e7c664d0fcdb8
  m_Pitch: 49a6b717356137f42a01ce8f1d0f2242
  m_Effects:
  - {fileID: 244158205008289248}
  m_UserColorIndex: 0
  m_Mute: 0
  m_Solo: 0
  m_BypassEffects: 0
--- !u!243 &243493895266162504
AudioMixerGroupController:
  m_ObjectHideFlags: 0
  m_PrefabParentObject: {fileID: 0}
  m_PrefabInternal: {fileID: 0}
  m_Name: Music
  m_AudioMixer: {fileID: 24100000}
  m_GroupID: 7efd25fe8e949894daafa6bc456ca11b
  m_Children: []
  m_Volume: 120f66b27516d9b4cb245cb87e3d0b0b
  m_Pitch: 87ee2869ae6632344b88cf78d7d5a096
  m_Effects:
  - {fileID: 244324377400125740}
  m_UserColorIndex: 0
  m_Mute: 0
  m_Solo: 0
  m_BypassEffects: 0
--- !u!244 &244158205008289248
AudioMixerEffectController:
  m_ObjectHideFlags: 3
  m_PrefabParentObject: {fileID: 0}
  m_PrefabInternal: {fileID: 0}
  m_Name: 
  m_EffectID: 85f39b2c83424024ea49ccfa0af4cc5c
  m_EffectName: Attenuation
  m_MixLevel: ae9ec7a6a2394b94aacf516c4be5c013
  m_Parameters: []
  m_SendTarget: {fileID: 0}
  m_EnableWetMix: 0
  m_Bypass: 0
--- !u!244 &244324377400125740
AudioMixerEffectController:
  m_ObjectHideFlags: 3
  m_PrefabParentObject: {fileID: 0}
  m_PrefabInternal: {fileID: 0}
  m_Name: 
  m_EffectID: 958a9dd8a266e2148820ee678988e6b8
  m_EffectName: Attenuation
  m_MixLevel: 5d73c2d9c11bd6a40b3b741f6b9230c8
  m_Parameters: []
  m_SendTarget: {fileID: 0}
  m_EnableWetMix: 0
  m_Bypass: 0
